<?xml version="1.0" encoding="UTF-8"?><record xmlns="http://www.loc.gov/MARC21/slim" xmlns:cinclude="http://apache.org/cocoon/include/1.0" xmlns:zs="http://www.loc.gov/zing/srw/">
  <leader>00422nz  a2200133n  4500</leader>
  <controlfield tag="001">n  90648725 </controlfield>
  <controlfield tag="003">DLC</controlfield>
  <controlfield tag="005">19900523150402.4</controlfield>
  <controlfield tag="008">900523n| acannaab|          |n aaa |||  </controlfield>
  <datafield tag="010" ind1=" " ind2=" ">
    <subfield code="a">n  90648725 </subfield>
  </datafield>
  <datafield tag="040" ind1=" " ind2=" ">
    <subfield code="a">DLC</subfield>
    <subfield code="c">DLC</subfield>
  </datafield>
  <datafield tag="100" ind1="1" ind2="0">
    <subfield code="a">Darpe, Franz</subfield>
  </datafield>
  <datafield tag="670" ind1=" " ind2=" ">
    <subfield code="a">nuc89-57419: His Geschichte der Stadt Bochum ... [MI] 1894</subfield>
    <subfield code="b">(hdg. on MH rept.: Darpe, Franz; usage: Franz Darpe)</subfield>
  </datafield>
  <datafield tag="670" ind1=" " ind2=" ">
    <subfield code="a">LC data base, 05-23-90</subfield>
    <subfield code="b">(hdg.: Darpe, Franz)</subfield>
  </datafield>
</record>